3112 5184
164 485 223 539 126
703 499 873 550 Jortnuuts
893 500 1031 550 wvctiv
1240 497 1312 541 Cav-
1329 494 1371 540 vt·

196 669 277 723 taking
290 672 328 710 ure
377 675 469 714 causa
507 658 642 713 formalis
675 658 712 714 sit
752 661 856 715 eadem
893 661 989 716 forma
1024 680 1082 735 que
1115 675 1159 718 est
1198 676 1373 720 causatum.

158 722 365 817 fflffififflf
376 743 513 818 sequitur
530 746 611 819 quod
631 745 699 801 talis
716 760 871 820 respectus
887 748 963 804 soret
988 747 1122 805 essencia
1137 749 1247 807 divina.
1279 750 1374 819 Quod

376 831 400 887 si
425 831 621 907 equivocetur
638 832 668 888 in
685 833 837 890 relacione
861 834 984 891 ablativi
1002 852 1099 904 casus,
1123 835 1325 911 intelligendo
1342 835 1375 890 in

376 921 583 987 antecedente,
617 920 694 977 ‘'t'sto
717 921 804 976 modo
828 921 902 978 deus
933 921 1032 977 differt
1056 941 1073 978 a
1097 927 1168 979 me”
1202 923 1374 980 ablativum

377 1006 439 1080 regi
464 1024 497 1063 ex
520 1006 548 1062 vi
573 1025 663 1063 cause
686 1007 831 1079 formalis,
857 1023 886 1064 et
910 1008 939 1064 in
964 1024 1167 1084 consequente
1189 1012 1266 1066 “isto
1283 1010 1403 1066 modo5

376 1096 450 1151 deus
474 1097 541 1150 est'’
567 1093 666 1167 ipsum
692 1094 755 1168 regi
780 1113 812 1151 ex
837 1095 864 1153 vi
889 1095 1063 1159 accidentis,
1092 1110 1165 1154 tunc
1189 1111 1233 1154 est
1258 1097 1376 1172 imper-

376 1180 475 1237 tinens
495 1181 595 1237 sensui
613 1182 804 1249 concludere,
829 1183 899 1257 quia
916 1195 1020 1258 quante
1036 1185 1106 1240 deus
1129 1196 1171 1241 est
1194 1186 1277 1258 quod
1294 1196 1377 1240 tante

377 1269 475 1344 dr‘ffert
490 1288 572 1325 ame.
591 1271 656 1325 Non
675 1269 754 1326 enim
771 1283 815 1325 est
826 1269 994 1327 subiectum
1012 1285 1095 1327 tante
1107 1285 1220 1346 quante
1232 1285 1276 1328 est
1291 1271 1375 1328 acci-

377 1357 462 1426 dens,
479 1357 531 1412 sed
549 1355 625 1430 plus.
651 1359 711 1412 Nec
728 1370 771 1412 est
796 1374 898 1413 verum
922 1359 1003 1431 quod
1020 1358 1194 1415 dill'erencia
1211 1376 1273 1432 qua
1297 1360 1375 1414 deus

377 1442 477 1500 differt
501 1462 518 1500 a
544 1461 591 1499 me
620 1456 663 1500 est
692 1463 746 1517 par
771 1445 828 1500 deo
858 1445 903 1500 vel
926 1444 1055 1514 infinita,
1094 1445 1164 1519 quia
1188 1444 1424 1502 terminaturro

378 1531 416 1587 ad
440 1532 501 1585 duo
525 1546 667 1600 extrema,
701 1544 729 1586 et
755 1549 814 1586 non
845 1531 985 1587 convenit
1014 1534 1071 1588 deo
1095 1532 1124 1587 in
1150 1532 1375 1605 magnitudine.

169 1631 297 1674 trrottowr
312 1632 360 1672 unt
422 1619 508 1673 Patet
531 1617 628 1674 eciam
653 1636 686 1674 ex
710 1618 799 1674 dictis
822 1619 903 1693 quod
929 1620 1022 1674 multa
1047 1633 1116 1675 sunt
1140 1621 1220 1676 bona
1245 1637 1305 1694 que
1329 1619 1376 1674 di-

179 1685 345 1778 'fffssemssffi
378 1704 476 1760 cimus
500 1705 595 1772 mala;
629 1719 658 1762 et
682 1704 744 1762 alia
767 1706 834 1779 plus
858 1706 956 1763 valent
980 1724 1071 1781 quam
1096 1705 1287 1776 estimatus,
1313 1706 1376 1761 alia

161 1789 220 1883 Ἓξ
233 1790 363 1890 ffitffssffl
379 1792 479 1848 minus
503 1794 614 1861 valent,
639 1812 707 1849 cum
732 1810 822 1849 omne
846 1794 905 1849 tale
930 1792 1140 1867 imperfectum
1157 1807 1276 1850 tanturn
1296 1793 1377 1849 valet

182 1893 347 1947 puntsnmenu
378 1893 526 1954 quantum
552 1879 633 1936 iuvat
657 1882 694 1937 ad
713 1880 933 1954 perfeccionem
951 1879 1164 1941 universitatis.
1183 1880 1284 1936 Prima
1304 1898 1377 1954 pars
1394 1886 1423 1935 15

184 1946 345 2041 „„,?,¹‡,⁶„„‚
380 1980 461 2042 patet
486 1986 518 2024 ex
544 1969 601 2024 hoc
626 1970 708 2042 quod
732 1967 911 2042 penalitates
945 1980 973 2022 et
1006 1966 1065 2024 alia
1089 1987 1148 2041 que
1172 1967 1305 2023 dicimus
1330 1967 1377 2023 in-

379 2055 521 2113 l'ortunia.
554 2055 632 2111 sicut
664 2055 844 2129 generaliter
867 2067 976 2125 cuncta
1010 2073 1069 2128 que
1092 2055 1178 2110 nobis
1201 2054 1376 2128 displicent.

379 2142 511 2199 dicimus
537 2143 626 2212 mala,
660 2160 728 2198 curn
754 2155 856 2197 tamen
882 2141 959 2197 iuste
992 2159 1025 2197 ex
1050 2141 1150 2198 divina
1175 2141 1377 2216 providencia

379 2230 417 2287 ad
442 2228 609 2285 bonitatem
635 2228 766 2285 universi
791 2228 947 2292 eveniunt;
981 2241 1010 2284 et
1033 2228 1076 2286 sic
1100 2229 1187 2285 nobis
1216 2228 1377 2302 placencia

379 2315 509 2372 dicimus
542 2317 631 2395 bona,
665 2317 719 2372 etsi
745 2313 782 2372 de
807 2317 887 2372 lacto
911 2316 969 2371 sint
995 2316 1089 2383 mala;
1122 2316 1199 2372 sicut
1223 2328 1308 2390 patet
1338 2317 1377 2371 de
1390 2337 1423 2371 20

379 2403 588 2476 ignorantibus
612 2416 640 2460 et
664 2403 747 2460 viciis
772 2402 932 2477 corruptis.

169 2491 360 2585 Afflpfflt'e‘gpff
422 2492 481 2546 Sed
515 2496 549 2546 2¹
576 2510 646 2565 pars
679 2504 761 2564 patet
785 2508 818 2545 ex
843 2492 900 2546 hoc
933 2491 1015 2563 quod
1039 2490 1155 2546 venalia
1182 2491 1248 2563 plus
1273 2491 1376 2547 valent

167 2594 358 2655 vatuqetsonen
381 2599 411 2635 tn
437 2578 558 2634 caristia
593 2596 685 2653 quam
710 2578 740 2632 in
766 2577 921 2634 fertilitate
944 2577 1089 2645 valerent,
1123 2595 1159 2633 eo
1183 2579 1264 2651 quod
1291 2577 1376 2651 equi-

175 2648 352 2743 „ffi'ffi'geg
380 2667 481 2722 valens
506 2667 573 2739 plus
594 2666 671 2722 valet
689 2684 756 2722 cum
777 2664 972 2739 paucioribus
988 2683 1090 2738 quam.
1115 2664 1223 2720 ceteris
1240 2664 1376 2738 paribus,

166 2753 362 2848 vficetr'ffipcess
382 2772 449 2810 cum
475 2753 622 2826 pluribus.
655 2755 731 2809 Cum
757 2771 828 2825 ergo
852 2752 952 2807 nullus
980 2751 1136 2807 hominum
1163 2752 1219 2807 scit
1247 2758 1422 2825 propor·25

166 2858 255 2900 metti·
272 2859 371 2911 regulare
382 2841 505 2897 cionare
519 2839 765 2913 incorrigibiliter
786 2839 904 2895 usualia
920 2838 958 2895 ad
971 2837 1194 2894 multitudinem
1207 2839 1376 2908 utencium,

195 2910 340 3005 ⁵2{,⁸},¹{„¹d¹¹³
382 2942 464 3002 patet
498 2930 579 3001 quod
604 2927 779 3000 ignoramus
804 2927 936 2982 valorem
961 2925 1077 2982 talium.
1108 2928 1138 2980 ln
1164 2925 1377 2999 empcionibus

198 3016 341 3110 s‘ffissn‘⁵
382 3029 484 3071 autem
510 3030 538 3071 et
561 3014 800 3084 vendicionibus,
824 3012 940 3070 accedit
970 3014 1154 3086 quandoque
1179 3032 1263 3069 error
1287 3026 1376 3070 nota-

193 3121 340 3163 wtcteaness
382 3102 449 3157 bilis
489 3122 522 3158 ex
561 3102 723 3158 sceleribus
763 3100 944 3170 hominium,
984 3112 1012 3155 et
1050 3101 1233 3174 quandoque
1264 3100 1376 3157 accidit

168 3175 280 3269 „ffie'
292 3175 366 3268 ,Ἦζη
383 3189 500 3245 iusticia
525 3208 557 3244 ex
582 3191 713 3263 quadam
740 3187 935 3244 estimacione
952 3187 1125 3261 propinqua
1143 3187 1273 3253 veritati,
1299 3207 1376 3243 nun·
1389 3199 1422 3247 ,lo

213 3279 341 3338 nota-blm,
382 3296 472 3350 quam
499 3290 601 3333 tamen
625 3275 735 3333 accidit
759 3276 843 3332 valor
866 3293 899 3330 ex
923 3275 987 3330 sola
1008 3274 1205 3330 ordinacione
1230 3275 1374 3344 bominis,

187 3339 353 3438 “2322an
382 3366 428 3420 vel
452 3383 485 3420 ex
511 3366 567 3420 hoc
591 3365 672 3438 quod
698 3383 753 3438 pro
777 3361 914 3437 pluribus
938 3361 1025 3417 vendi
1050 3375 1157 3435 potest,
1184 3363 1234 3417 sed
1259 3380 1292 3418 ex
1317 3362 1376 3417 dis·

169 3436 539 3533 glssfflgebfgglggposicione
562 3465 670 3507 nature
695 3449 823 3523 regentis
847 3449 1033 3506 sublunaria.

166 3540 373 3636 ttrii‘rziiiutiies
429 3540 464 3593 Et
499 3538 606 3595 ultima
639 3556 709 3612 pars
741 3550 824 3612 patet
859 3554 892 3592 etr
928 3538 986 3592 hoc
1016 3537 1097 3610 quod
1123 3537 1221 3591 tatere
1244 3538 1288 3591 vel
1312 3555 1377 3592 esse

188 3641 357 3689 ηιμ-θήῃ(
384 3626 488 3681 bonum
513 3626 583 3682 utile
616 3625 690 3682 dicit
715 3623 922 3681 habitudinem
948 3622 986 3679 ad
1010 3622 1039 3677 id
1065 3622 1112 3679 cui
1146 3636 1189 3678 est
1222 3622 1304 3678 utile.
1340 3626 1376 3679 Et
1390 3631 1422 3682 35

166 3697 453 3794 Thefflg'goeofcum
480 3712 659 3770 universitas
690 3713 727 3769 sit
752 3729 769 3768 a
793 3713 850 3768 deo
873 3710 1025 3767 cathereta
1061 3709 1273 3784 participando
1301 3729 1376 3785 quo·

214 3806 342 3865 quhpr‘·
386 3819 505 3874 cunque
529 3800 581 3857 tali
605 3803 696 3871 bono,
732 3811 815 3873 patet
843 3799 925 3872 quod
950 3796 1150 3872 participacio
1174 3796 1313 3853 utilitatis
1338 3799 1377 3854 ab

175 3856 368 3970 ἰῗέῐιῑᾞηῗηῗέῗ
387 3888 581 3945 universitate
595 3901 638 3944 est
655 3905 797 3944 mensura
813 3884 926 3942 valoris
943 3884 996 3942 rei.
1020 3888 1082 3942 Nec
1098 3885 1183 3941 obest
1200 3902 1264 3941 rem
1290 3883 1377 3941 cuius

174 3972 334 4066 mmm
351 4015 365 4056 n
386 3994 446 4031 non
470 3989 513 4031 est
538 3994 609 4032 usus
633 3974 760 4032 actualis
777 3974 886 4043 valere,
911 3971 982 4046 quia
999 3971 1063 4046 ipsa
1080 3970 1161 4028 iuvat
1177 3971 1378 4046 quiescendo;

172 4065 368 4162 beqqrpscernatty
388 4062 456 4119 licet
480 4081 588 4119 avarus
608 4060 613 4143 l
634 4064 819 4137 quandoque
849 4059 995 4134 impediat
1024 4076 1085 4114 rem
1111 4058 1222 4114 iuvare.
1252 4062 1378 4116 Summe
1399 4072 1490 4136 B7o’

437 4291 456 4335 3.
482 4301 528 4335 rent
550 4292 575 4334 ll.
645 4292 675 4335 ill.
700 4301 768 4346 perta·
788 4292 812 4333 Β.
894 4291 924 4333 18.
941 4299 960 4332 et
980 4303 1006 4331 ex
1029 4275 1092 4331 sutria
1111 4288 1185 4330 above
1202 4299 1228 4329 ex
1248 4287 1328 4330 divina
1351 4288 1379 4328 lt.

386 4392 418 4422 22.
434 4379 530 4424 venialia
547 4380 571 4423 Β.
624 4390 659 4432 24.
676 4379 751 4421 tertiat
765 4380 838 4421 above
852 4377 906 4420 valit
923 4376 947 4420 tt.
1001 4387 1038 4420 ao.
1053 4359 1123 4436 sclibp
1140 4375 1162 4418 tt.
1219 4372 1252 4415 lo.
1268 4360 1336 4417 lusisti
1353 4375 1378 4420 lt.

437 4466 472 4512 36.
487 4467 579 4511 catblta
595 4468 619 4511 ll.
